<record><leader>00000cas a22000007a 4500</leader><controlfield tag="001">12596365</controlfield><controlfield tag="008">850924d19501955pauwr ne      0    0eng d</controlfield><datafield ind1=" " ind2=" " tag="010"><subfield code="a">sn 85054799 </subfield></datafield><datafield ind1=" " ind2=" " tag="040"><subfield code="a">NPH</subfield><subfield code="b">eng</subfield><subfield code="c">NPH</subfield><subfield code="d">OCLCQ</subfield></datafield><datafield ind1=" " ind2=" " tag="042"><subfield code="a">msc</subfield></datafield><datafield ind1="0" ind2=" " tag="130"><subfield code="a">Chronicle (Ardmore, Pa.)</subfield></datafield><datafield ind1="1" ind2="4" tag="245"><subfield code="a">The chronicle.</subfield></datafield><datafield ind1="3" ind2="0" tag="246"><subfield code="a">Lower Merion chronicle</subfield></datafield><datafield ind1=" " ind2=" " tag="260"><subfield code="a">Ardmore, Pa. :</subfield><subfield code="b">Ardmore Pub. Co.,</subfield><subfield code="c">1950-1955.</subfield></datafield><datafield ind1=" " ind2=" " tag="300"><subfield code="a">v. :</subfield><subfield code="b">ill.</subfield></datafield><datafield ind1=" " ind2=" " tag="310"><subfield code="a">Weekly</subfield></datafield><datafield ind1="0" ind2=" " tag="362"><subfield code="a">Vol. 61, no. 14 (Feb. 23, 1950)-v. 66, no. 42 (Sept. 1, 1955).</subfield></datafield><datafield ind1=" " ind2=" " tag="500"><subfield code="a">Feb. 23, 1950-July 30, 1953, "Lower Merion" surrounds ornament beneath title on masthead; Aug. 6, 1953 has ornament only; Aug. 13, 1953-Sept. 1, 1955, "Main Line since '89" surrounds the ornament.</subfield></datafield><datafield ind1=" " ind2=" " tag="500"><subfield code="a">Publisher varies.</subfield></datafield><datafield ind1=" " ind2=" " tag="752"><subfield code="a">United States</subfield><subfield code="b">Pennsylvania</subfield><subfield code="c">Montgomery</subfield><subfield code="d">Ardmore.</subfield></datafield><datafield ind1="0" ind2="0" tag="780"><subfield code="t">Lower-Merion chronicle</subfield><subfield code="w">(OCoLC)12865211</subfield></datafield><datafield ind1="0" ind2="0" tag="785"><subfield code="t">Main Line chronicle</subfield><subfield code="w">(DLC)sn 85054800</subfield></datafield></record>